@article{kjolstad:2019:workspaces,
  author = {Kjolstad, Fredrik and Ahrens, Peter and Kamil, Shoaib and Amarasinghe, Saman},
  title = {Tensor Algebra Compilation with Workspaces},
  booktitle = {Proceedings of the 2019 IEEE/ACM International Symposium on Code Generation and Optimization},
  series = {CGO 2019},
  year = {2019},
  isbn = {978-1-7281-1436-1},
  location = {Washington, DC, USA},
  pages = {180--192},
  numpages = {13},
  url = {http://dl.acm.org/citation.cfm?id=3314872.3314894},
  acmid = {3314894},
  publisher = {IEEE Press},
  address = {Piscataway, NJ, USA},
  keywords = {code optimization, concrete index notation, sparse tensor algebra, temporaries, workspaces},
}